<record><leader>00000cas a2200000 a 4500</leader><controlfield tag="001">12092263</controlfield><controlfield tag="008">850529d19011905ksudr ne      0    0eng d</controlfield><datafield ind1=" " ind2=" " tag="010"><subfield code="a">sn 85030339 </subfield></datafield><datafield ind1=" " ind2=" " tag="040"><subfield code="a">KSH</subfield><subfield code="b">eng</subfield><subfield code="c">KSH</subfield><subfield code="d">NPT</subfield><subfield code="d">OCL</subfield><subfield code="d">OCLCQ</subfield></datafield><datafield ind1=" " ind2=" " tag="042"><subfield code="a">msc</subfield></datafield><datafield ind1="0" ind2=" " tag="130"><subfield code="a">Daily call (Beloit, Kan.)</subfield></datafield><datafield ind1="1" ind2="4" tag="245"><subfield code="a">The daily call.</subfield></datafield><datafield ind1=" " ind2=" " tag="260"><subfield code="a">Beloit, Kan. :</subfield><subfield code="b">Jones &amp; Chubbie,</subfield><subfield code="c">1901-1905.</subfield></datafield><datafield ind1=" " ind2=" " tag="300"><subfield code="a">4 v. :</subfield><subfield code="b">ill. ;</subfield><subfield code="c">56 cm.</subfield></datafield><datafield ind1=" " ind2=" " tag="310"><subfield code="a">Daily (except Sunday)</subfield></datafield><datafield ind1="0" ind2=" " tag="362"><subfield code="a">Vol. 1, no. 1 (Oct. 1, 1901)-v. 4, no. 229 (June 29, 1905).</subfield></datafield><datafield ind1=" " ind2=" " tag="500"><subfield code="a">Published by: Seward &amp; Jones, Mar. 3-Aug. 19, 1902; Jones &amp; Adamson, Aug. 26, 1902-Apr. 21, 1903; A.B. Adamson, Apr. 22, 1903-June 29, 1905.</subfield></datafield><datafield ind1=" " ind2=" " tag="500"><subfield code="a">"Republican."</subfield></datafield><datafield ind1=" " ind2=" " tag="580"><subfield code="a">Issued also in weekly edition called: Western call.</subfield></datafield><datafield ind1=" " ind2=" " tag="752"><subfield code="a">United States</subfield><subfield code="b">Kansas</subfield><subfield code="c">Mitchell</subfield><subfield code="d">Beloit.</subfield></datafield><datafield ind1="1" ind2=" " tag="775"><subfield code="t">Western call</subfield><subfield code="w">(DLC)sn 85030354</subfield></datafield><datafield ind1="0" ind2="0" tag="785"><subfield code="t">Beloit daily call (Beloit, Kan. : Daily)</subfield><subfield code="w">(DLC)sn 84006950</subfield></datafield></record>